@article{khare-wintenberger-2009-i,
  author  = {Khare, Chandrashekhar and Wintenberger, Jean-Pierre},
  title   = {Serre's modularity conjecture. {I}},
  journal = {Invent. Math.},
  volume  = {178},
  year    = {2009},
  number  = {3},
  pages   = {505--586}
}

@article{khare-wintenberger-2009-ii,
  author  = {Khare, Chandrashekhar and Wintenberger, Jean-Pierre},
  title   = {Serre's modularity conjecture. {II}},
  journal = {Invent. Math.},
  volume  = {178},
  year    = {2009},
  number  = {3},
  pages   = {485--504}
}

@book{neukirch-schmidt-winberg-2008,
  author    = {Neukirch, J{\"u}rgen and Schmidt, Alexander and Wingberg, Kay},
  title     = {Cohomology of number fields},
  series    = {Grundlehren der Mathematischen Wissenschaften},
  volume    = {323},
  edition   = {Second},
  publisher = {Springer-Verlag},
  year      = {2008}
}
